<record><leader>00000cas a22000007a 4500</leader><controlfield tag="001">14699576</controlfield><controlfield tag="008">861111u1907uuuutxudn ne      0    0eng d</controlfield><datafield ind1=" " ind2=" " tag="010"><subfield code="a">sn 86090048 </subfield></datafield><datafield ind1=" " ind2=" " tag="040"><subfield code="a">PPM</subfield><subfield code="b">eng</subfield><subfield code="c">PPM</subfield><subfield code="d">DLC</subfield><subfield code="d">OCLCQ</subfield></datafield><datafield ind1=" " ind2=" " tag="042"><subfield code="a">msc</subfield></datafield><datafield ind1="0" ind2=" " tag="130"><subfield code="a">San Angelo press-news (San Angelo, Tex. : 1907)</subfield></datafield><datafield ind1="1" ind2="4" tag="245"><subfield code="a">The San Angelo press-news.</subfield></datafield><datafield ind1=" " ind2=" " tag="260"><subfield code="a">San Angelo, Tex. :</subfield><subfield code="b">News Pub. Co.</subfield></datafield><datafield ind1=" " ind2=" " tag="300"><subfield code="a">v.</subfield></datafield><datafield ind1=" " ind2=" " tag="310"><subfield code="a">Daily (except Mon.)</subfield></datafield><datafield ind1="1" ind2=" " tag="362"><subfield code="a">Began in Nov. 1907.</subfield></datafield><datafield ind1=" " ind2=" " tag="580"><subfield code="a">Formed by the union of: San Angelo news, and: The San Angelo press.</subfield></datafield><datafield ind1=" " ind2=" " tag="588"><subfield code="a">Description based on: Vol. 2, no. 362 (Jan. 23, 1908).</subfield></datafield><datafield ind1=" " ind2=" " tag="752"><subfield code="a">United States</subfield><subfield code="b">Texas</subfield><subfield code="c">Tom Green</subfield><subfield code="d">San Angelo.</subfield></datafield><datafield ind1="1" ind2="4" tag="780"><subfield code="t">San Angelo news</subfield></datafield><datafield ind1="1" ind2="4" tag="780"><subfield code="t">San Angelo press</subfield><subfield code="x">2159-4007</subfield><subfield code="w">(DLC)sn 86090049</subfield><subfield code="w">(OCoLC)14699581</subfield></datafield><datafield ind1="1" ind2=" " tag="029"><subfield code="a">AU@</subfield><subfield code="b">000025785648</subfield></datafield></record>